% Encoding: UTF-8

@Article{Strassen1969,
  author    = {Strassen, Volker},
  title     = {Gaussian elimination is not optimal},
  journal   = {Numerische mathematik},
  year      = {1969},
  volume    = {13},
  number    = {4},
  pages     = {354--356},
  publisher = {Springer},
}

@InProceedings{Pan1978a,
  author    = {Pan, V.},
  title     = {Strassen algorithm is not optimal. Trilinear technique of aggregating, uniting, and canceling for constructing fast algorithms for matrix multiplication},
  booktitle = {Proc. 19th Annual Symposium on the Foundations of Computer Science},
  year      = {1978},
  pages     = {166--176},
}

@Article{Bini1979,
  author    = {Bini, Dario and Capovani, Milvio and Romani, Francesco and Lotti, Grazia},
  title     = {{$O(n^{2.7799})$} complexity for n$\times$ n approximate matrix multiplication},
  journal   = {Information processing letters},
  year      = {1979},
  volume    = {8},
  number    = {5},
  pages     = {234--235},
  publisher = {Elsevier},
}

@Article{Schoenhage1971,
  author    = {Sch{\"o}nhage, Arnold and Strassen, Volker},
  title     = {Schnelle multiplikation grosser zahlen},
  journal   = {Computing},
  year      = {1971},
  volume    = {7},
  number    = {3-4},
  pages     = {281--292},
  publisher = {Springer},
}

@Article{Romani1982,
  author    = {Romani, Francesco},
  title     = {Some properties of disjoint sums of tensors related to matrix multiplication},
  journal   = {SIAM Journal on Computing},
  year      = {1982},
  volume    = {11},
  number    = {2},
  pages     = {263--267},
  publisher = {SIAM},
}

@Article{blagojevic,
  author    = {Blagojevic V. et al},
  title     = {A Systematic Approach to Generation of New Ideas for PhD Research in Computing},
  journal   = {Advances in Computers},
  year      = {2016},
  volume    = {104},
  pages     = {1--19},
  publisher = {Elsevier},
}

@Article{Muller10,
  author    = {M.~M{\"u}ller-Hannemann and S.~Schirra},
  title     = {Algorithm engineering: bridging the gap between algorithm theory and practice},
  journal   = {Lecture Notes in Computer Science},
  year      = {2010},
  publisher = {Springer Berlin Heidelberg},
}
@Article{McGeoch12,
  author    = {Catherine~C. McGeoch},
  title     = {A guide to experimental algorithmics},
  year      = {2012},
  publisher = {Cambridge University Press, New York},
}

@Article{ExpAlgDF,
  author    = {Jurij Miheli\v c and Uro\v s \v Cibej},
  title     = {Experimental algorithmics for the dataflow architecture: Guidelines and issues},
  journal   = {IPSI BgD Transactions on Advanced Research},
  year      = {2017},
  volume    = {13},
  pages     = {1--8},
}



@Article{Coppersmith1982,
  author    = {Coppersmith, Don and Winograd, Shmuel},
  title     = {On the asymptotic complexity of matrix multiplication},
  journal   = {SIAM Journal on Computing},
  year      = {1982},
  volume    = {11},
  number    = {3},
  pages     = {472--492},
  publisher = {SIAM},
}
	

@Article{Davie2013,
  author    = {Davie, Alexander M. and Stothers, Andrew James},
  title     = {Improved bound for complexity of matrix multiplication},
  journal   = {Proceedings of the Royal Society of Edinburgh Section A: Mathematics},
  year      = {2013},
  volume    = {143},
  number    = {2},
  pages     = {351--369},
  publisher = {Royal Society of Edinburgh Scotland Foundation},
}

@Article{Williams,
  author = {Williams, Virginia Vassilevska},
  title  = {Multiplying matrices faster than Coppersmith-Winograd [extended abstract], {STOC 12 â€” Proceedings of the 2012 ACM Symposium on Theory of Computing, ACM, New York, 2012}},
}

@Misc{boost,
  title        = {Boost {C}++ Libraries},
  howpublished = {http://www.boost.org/},
  month        = oct,
  year         = {2017},
}

@Misc{eigen,
  title = {Eigen {C}++ template library for linear algebra},
  month = oct,
  year  = {2017},
  note  = {http://eigen.tuxfamily.org},
}

@Misc{mkl,
  title = {Intel Math Kernel Library},
  month = oct,
  year  = {2017},
  note  = {https://software.intel.com/en-us/mkl},
}

@Misc{armadillo,
  title = {Armadillo {C}++ linear algebra library},
  month = oct,
  year  = {2017},
  note  = {http://arma.sourceforge.net/},
}

@Misc{Knuth1997,
  author        = {Knuth, Donald E},
  title         = {The art of computer programming, 3rd edn. seminumerical algorithms, vol. 2},
  year          = {1997},
  __markedentry = {[mihic:]},
  publisher     = {Addison-Wesley, Reading},
}

@Book{Cormen2009,
  title         = {Introduction to algorithms},
  publisher     = {MIT press},
  year          = {2009},
  author        = {Thomas H. Cormen, Charles E. Leiserson, Ronald L. Rivest and Clifford Stein},
  __markedentry = {[mihic:6]},
}

@Article{Kahan,
  author    = {Kahan, William},
  title     = {Pracniques: further remarks on reducing truncation errors},
  journal   = {Communications of the ACM},
  year      = {1965},
  volume    = {8},
  number    = {1},
  pages     = {40},
}


@Comment{jabref-meta: databaseType:bibtex;}
