% Encoding: UTF-8

@Article{Strassen1969,
  author    = {Strassen, Volker},
  title     = {Gaussian elimination is not optimal},
  journal   = {Numerische mathematik},
  year      = {1969},
  volume    = {13},
  number    = {4},
  pages     = {354--356},
  publisher = {Springer},
}

@InProceedings{Pan1978a,
  author    = {Pan, V},
  title     = {Strassen algorithm is not optimal. trilinear technique of aggregating, uniting, and canceling for constructing fast algorithms for matrix multiplication},
  booktitle = {Proc. 19th Annual Symposium on the Foundations of Computer Science},
  year      = {1978},
  pages     = {166--176},
}

@Article{Bini1979,
  author    = {Bini, Dario and Capovani, Milvio and Romani, Francesco and Lotti, Grazia},
  title     = {O (n2. 7799) complexity for n$\times$ n approximate matrix multiplication},
  journal   = {Information processing letters},
  year      = {1979},
  volume    = {8},
  number    = {5},
  pages     = {234--235},
  publisher = {Elsevier},
}

@Article{Schoenhage1971,
  author    = {Sch{\"o}nhage, Arnold and Strassen, Volker},
  title     = {Schnelle multiplikation grosser zahlen},
  journal   = {Computing},
  year      = {1971},
  volume    = {7},
  number    = {3-4},
  pages     = {281--292},
  publisher = {Springer},
}

@Article{Romani1982,
  author    = {Romani, Francesco},
  title     = {Some properties of disjoint sums of tensors related to matrix multiplication},
  journal   = {SIAM Journal on Computing},
  year      = {1982},
  volume    = {11},
  number    = {2},
  pages     = {263--267},
  publisher = {SIAM},
}

@Article{Coppersmith1982,
  author    = {Coppersmith, Don and Winograd, Shmuel},
  title     = {On the asymptotic complexity of matrix multiplication},
  journal   = {SIAM Journal on Computing},
  year      = {1982},
  volume    = {11},
  number    = {3},
  pages     = {472--492},
  publisher = {SIAM},
}

@Article{Davie2013,
  author        = {Davie, Alexander M and Stothers, Andrew James},
  title         = {Improved bound for complexity of matrix multiplication},
  journal       = {Proceedings of the Royal Society of Edinburgh Section A: Mathematics},
  year          = {2013},
  volume        = {143},
  number        = {2},
  pages         = {351--369},
  __markedentry = {[mihic:]},
  publisher     = {Royal Society of Edinburgh Scotland Foundation},
}

@Article{Williams,
  author        = {Williams, Virginia Vassilevska},
  title         = {Multiplying matrices faster than Coppersmith-Winograd [extended abstract], STOC’12—Proceedings of the 2012 ACM Symposium on Theory of Computing, ACM, New York, 2012},
  journal       = {MR},
  volume        = {2961552},
  pages         = {887--898},
  __markedentry = {[mihic:6]},
}

@Misc{boost,
  title        = {Boost C++ Libraries},
  howpublished = {http://www.boost.org/},
  month        = oct,
  year         = {2017},
}

@Comment{jabref-meta: databaseType:bibtex;}
